<?xml version="1.0" encoding="UTF-8"?>
<!DOCTYPE html PUBLIC "-//W3C//DTD XHTML 1.0 Transitional//EN"
    "http://www.w3.org/TR/xhtml1/DTD/xhtml1-transitional.dtd">
<html xmlns="http://www.w3.org/1999/xhtml" xml:lang="en" lang="en">
 <head>
  <title>
</title>
<meta http-equiv="Content-Type" content="text/html;charset=utf-8" />
  <meta name='ocr-system' content='tesseract 3.04.00' />
  <meta name='ocr-capabilities' content='ocr_page ocr_carea ocr_par ocr_line ocrx_word'/>
</head>
<body>
  <div class='ocr_page' id='page_1' title='image "./cjuliicaesarise00clargoog_0396.png"; bbox 0 0 1509 2967; ppageno 0'>
   <div class='ocr_carea' id='block_1_1' title="bbox 35 113 743 2597">
    <p class='ocr_par' dir='ltr' id='par_1_1' title="bbox 35 113 742 427">
     <span class='ocr_line' id='line_1_1' title="bbox 35 113 673 205; baseline -0.006 0"><span class='ocrx_word' id='word_1_1' title='bbox 35 145 132 205; x_wconf 74' lang='lat' dir='ltr'>an·</span> <span class='ocrx_word' id='word_1_2' title='bbox 183 132 493 203; x_wconf 55' lang='lat' dir='ltr'>bannitio</span> <span class='ocrx_word' id='word_1_3' title='bbox 521 132 561 187; x_wconf 72' lang='lat'>†·&#39;</span> <span class='ocrx_word' id='word_1_4' title='bbox 641 113 673 138; x_wconf 78' lang='lat'>&#39;¹</span> 
     </span>
     <span class='ocr_line' id='line_1_2' title="bbox 37 218 742 338; baseline 0.003 -24"><span class='ocrx_word' id='word_1_5' title='bbox 37 246 524 338; x_wconf 60' lang='lat' dir='ltr'>itinerumficiebanquantumsatis</span> <span class='ocrx_word' id='word_1_6' title='bbox 537 242 588 316; x_wconf 73' lang='lat' dir='ltr'>eise</span> <span class='ocrx_word' id='word_1_7' title='bbox 601 247 637 316; x_wconf 85' lang='lat' dir='ltr'>ad</span> <span class='ocrx_word' id='word_1_8' title='bbox 669 218 674 271; x_wconf 51' lang='grc' dir='ltr'>Ι</span> <span class='ocrx_word' id='word_1_9' title='bbox 741 238 742 249; x_wconf 28' lang='lat'>¹</span> 
     </span>
     <span class='ocr_line' id='line_1_3' title="bbox 38 342 639 427; baseline 0.002 -26"><span class='ocrx_word' id='word_1_10' title='bbox 38 345 221 405; x_wconf 79' lang='lat' dir='ltr'><strong>mutationem</strong></span> <span class='ocrx_word' id='word_1_11' title='bbox 236 346 484 427; x_wconf 84' lang='lat' dir='ltr'>locdrumpropter</span> <span class='ocrx_word' id='word_1_12' title='bbox 495 342 639 405; x_wconf 81' lang='lat' dir='ltr'>salubrita-</span> 
     </span>
    </p>

    <p class='ocr_par' dir='ltr' id='par_1_2' title="bbox 38 432 680 948">
     <span class='ocr_line' id='line_1_4' title="bbox 39 432 638 513; baseline 0.003 -26"><span class='ocrx_word' id='word_1_13' title='bbox 39 443 96 489; x_wconf 88' lang='lat' dir='ltr'>tem</span> <span class='ocrx_word' id='word_1_14' title='bbox 106 432 287 493; x_wconf 81' lang='lat' dir='ltr'>existimabat.</span> <span class='ocrx_word' id='word_1_15' title='bbox 312 434 350 492; x_wconf 90' lang='lat' dir='ltr'>ibi</span> <span class='ocrx_word' id='word_1_16' title='bbox 366 454 524 513; x_wconf 86' lang='lat' dir='ltr'>quanquam</span> <span class='ocrx_word' id='word_1_17' title='bbox 535 433 638 491; x_wconf 85' lang='lat' dir='ltr'>crebro</span> 
     </span>
     <span class='ocr_line' id='line_1_5' title="bbox 39 516 638 593; baseline 0.005 -19"><span class='ocrx_word' id='word_1_18' title='bbox 39 516 176 593; x_wconf 77' lang='lat' dir='ltr'>audiebat,</span> <span class='ocrx_word' id='word_1_19' title='bbox 185 522 337 579; x_wconf 82' lang='lat' dir='ltr'>Labienum</span> <span class='ocrx_word' id='word_1_20' title='bbox 349 524 383 579; x_wconf 87' lang='lat' dir='ltr'>ab</span> <span class='ocrx_word' id='word_1_21' title='bbox 391 522 509 582; x_wconf 84' lang='lat' dir='ltr'>inimicia</span> <span class='ocrx_word' id='word_1_22' title='bbox 517 518 572 579; x_wconf 79' lang='lat' dir='ltr'>suit</span> <span class='ocrx_word' id='word_1_23' title='bbox 581 516 638 577; x_wconf 92' lang='lat' dir='ltr'>sol·</span> 
     </span>
     <span class='ocr_line' id='line_1_6' title="bbox 38 601 639 686; baseline 0 -23"><span class='ocrx_word' id='word_1_24' title='bbox 38 601 159 664; x_wconf 78' lang='lat' dir='ltr'>licitari:</span> <span class='ocrx_word' id='word_1_25' title='bbox 179 611 338 686; x_wconf 79' lang='lat' dir='ltr'>certiorque</span> <span class='ocrx_word' id='word_1_26' title='bbox 348 607 441 682; x_wconf 85' lang='lat' dir='ltr'>fiebat,</span> <span class='ocrx_word' id='word_1_27' title='bbox 460 607 488 666; x_wconf 90' lang='lat' dir='ltr'>id</span> <span class='ocrx_word' id='word_1_28' title='bbox 504 607 548 685; x_wconf 83' lang='lat' dir='ltr'>agi</span> <span class='ocrx_word' id='word_1_29' title='bbox 567 624 639 685; x_wconf 88' lang='lat' dir='ltr'>pau·</span> 
     </span>
     <span class='ocr_line' id='line_1_7' title="bbox 39 692 680 773; baseline 0.002 -24"><span class='ocrx_word' id='word_1_30' title='bbox 39 710 136 751; x_wconf 83' lang='lat' dir='ltr'>cotum</span> <span class='ocrx_word' id='word_1_31' title='bbox 149 692 282 766; x_wconf 68' lang='lat' dir='ltr'>confidis,</span> <span class='ocrx_word' id='word_1_32' title='bbox 300 710 341 770; x_wconf 84' lang='lat' dir='ltr'>ut,</span> <span class='ocrx_word' id='word_1_33' title='bbox 354 692 638 773; x_wconf 73' lang='lat' dir='ltr'>interposita-senatus</span> <span class='ocrx_word' id='word_1_34' title='bbox 677 713 680 721; x_wconf 94' lang='lat'><em>·</em></span> 
     </span>
     <span class='ocr_line' id='line_1_8' title="bbox 39 778 638 863; baseline 0.002 -25"><span class='ocrx_word' id='word_1_35' title='bbox 39 782 212 856; x_wconf 64' lang='lat' dir='ltr'>suboriente,</span> <span class='ocrx_word' id='word_1_36' title='bbox 223 782 315 863; x_wconf 80' lang='lat' dir='ltr'>aliqua</span> <span class='ocrx_word' id='word_1_37' title='bbox 329 797 408 861; x_wconf 76' lang='lat' dir='ltr'>parte</span> <span class='ocrx_word' id='word_1_38' title='bbox 419 782 558 841; x_wconf 77' lang='lat' dir='ltr'>exercitiis</span> <span class='ocrx_word' id='word_1_39' title='bbox 573 778 638 859; x_wconf 88' lang='lat' dir='ltr'>spo·</span> 
     </span>
     <span class='ocr_line' id='line_1_9' title="bbox 38 864 640 948; baseline -0.002 -23"><span class='ocrx_word' id='word_1_40' title='bbox 38 864 167 927; x_wconf 79' lang='lat' dir='ltr'>liaretur:</span> <span class='ocrx_word' id='word_1_41' title='bbox 187 885 280 929; x_wconf 87' lang='lat' dir='ltr'>tamen</span> <span class='ocrx_word' id='word_1_42' title='bbox 296 889 388 948; x_wconf 87' lang='lat' dir='ltr'>neque</span> <span class='ocrx_word' id='word_1_43' title='bbox 399 868 433 928; x_wconf 86' lang='lat' dir='ltr'>de</span> <span class='ocrx_word' id='word_1_44' title='bbox 445 869 569 928; x_wconf 83' lang='lat' dir='ltr'>Labieno</span> <span class='ocrx_word' id='word_1_45' title='bbox 578 886 640 926; x_wconf 87' lang='lat' dir='ltr'>ere-</span> 
     </span>
    </p>

    <p class='ocr_par' dir='ltr' id='par_1_3' title="bbox 39 952 680 1121">
     <span class='ocr_line' id='line_1_10' title="bbox 39 952 680 1038; baseline -0.002 -25"><span class='ocrx_word' id='word_1_46' title='bbox 39 952 111 1013; x_wconf 88' lang='lat' dir='ltr'>didit</span> <span class='ocrx_word' id='word_1_47' title='bbox 125 955 293 1034; x_wconf 69' lang='lat' dir='ltr'>quidquam</span> <span class='ocrx_word' id='word_1_48' title='bbox 313 976 404 1034; x_wconf 83' lang='lat' dir='ltr'>neque</span> <span class='ocrx_word' id='word_1_49' title='bbox 418 972 516 1015; x_wconf 83' lang='lat' dir='ltr'>eontra</span> <span class='ocrx_word' id='word_1_50' title='bbox 528 955 641 1013; x_wconf 78' lang='lat' dir='ltr'>senatus</span> <span class='ocrx_word' id='word_1_51' title='bbox 678 1027 680 1038; x_wconf 37' lang='grc' dir='ltr'>Ι</span> 
     </span>
     <span class='ocr_line' id='line_1_11' title="bbox 40 1042 680 1121; baseline 0 -22"><span class='ocrx_word' id='word_1_52' title='bbox 40 1045 245 1117; x_wconf 77' lang='lat' dir='ltr'>audioritatem,</span> <span class='ocrx_word' id='word_1_53' title='bbox 264 1058 295 1101; x_wconf 92' lang='lat' dir='ltr'>ut</span> <span class='ocrx_word' id='word_1_54' title='bbox 307 1042 414 1121; x_wconf 89' lang='lat' dir='ltr'>aliquid</span> <span class='ocrx_word' id='word_1_55' title='bbox 429 1044 541 1116; x_wconf 75' lang='lat' dir='ltr'>faceret,</span> <span class='ocrx_word' id='word_1_56' title='bbox 554 1054 640 1121; x_wconf 82' lang='lat' dir='ltr'>potu·</span> <span class='ocrx_word' id='word_1_57' title='bbox 678 1080 680 1088; x_wconf 55' lang='grc' dir='ltr'>ι</span> 
     </span>
    </p>

    <p class='ocr_par' dir='ltr' id='par_1_4' title="bbox 41 1121 680 1296">
     <span class='ocr_line' id='line_1_12' title="bbox 41 1121 680 1205; baseline -0.003 -18"><span class='ocrx_word' id='word_1_58' title='bbox 41 1128 65 1187; x_wconf 89' lang='lat' dir='ltr'>it</span> <span class='ocrx_word' id='word_1_59' title='bbox 79 1126 187 1187; x_wconf 84' lang='lat' dir='ltr'>adduci.</span> <span class='ocrx_word' id='word_1_60' title='bbox 208 1128 350 1205; x_wconf 83' lang='lat' dir='ltr'>judicabat</span> <span class='ocrx_word' id='word_1_61' title='bbox 363 1133 449 1203; x_wconf 87' lang='lat' dir='ltr'>enim,</span> <span class='ocrx_word' id='word_1_62' title='bbox 468 1130 560 1189; x_wconf 83' lang='lat' dir='ltr'>libetis</span> <span class='ocrx_word' id='word_1_63' title='bbox 577 1125 640 1186; x_wconf 87' lang='lat' dir='ltr'>sen·</span> <span class='ocrx_word' id='word_1_64' title='bbox 678 1121 680 1130; x_wconf 73' lang='grc'>’</span> 
     </span>
     <span class='ocr_line' id='line_1_13' title="bbox 41 1212 643 1296; baseline -0.002 -23"><span class='ocrx_word' id='word_1_65' title='bbox 41 1217 139 1274; x_wconf 79' lang='lat' dir='ltr'>tentiis</span> <span class='ocrx_word' id='word_1_66' title='bbox 152 1230 260 1292; x_wconf 82' lang='lat' dir='ltr'>patrum</span> <span class='ocrx_word' id='word_1_67' title='bbox 277 1214 500 1296; x_wconf 84' lang='lat' dir='ltr'>conscriptorum</span> <span class='ocrx_word' id='word_1_68' title='bbox 521 1212 643 1277; x_wconf 79' lang='lat' dir='ltr'>eauffam&#39;</span> 
     </span>
    </p>

    <p class='ocr_par' dir='ltr' id='par_1_5' title="bbox 42 1298 743 1884">
     <span class='ocr_line' id='line_1_14' title="bbox 43 1298 641 1364; baseline 0 -5"><span class='ocrx_word' id='word_1_69' title='bbox 43 1298 118 1361; x_wconf 82' lang='lat' dir='ltr'>suam</span> <span class='ocrx_word' id='word_1_70' title='bbox 131 1302 210 1362; x_wconf 82' lang='lat' dir='ltr'>faeiie</span> <span class='ocrx_word' id='word_1_71' title='bbox 220 1306 352 1364; x_wconf 68' lang='lat' dir='ltr'>obtineri.</span> <span class='ocrx_word' id='word_1_72' title='bbox 378 1325 443 1363; x_wconf 90' lang='lat' dir='ltr'>nam</span> <span class='ocrx_word' id='word_1_73' title='bbox 452 1310 483 1362; x_wconf 90' lang='lat' dir='ltr'>C.</span> <span class='ocrx_word' id='word_1_74' title='bbox 496 1304 582 1362; x_wconf 81' lang='lat' dir='ltr'>Curio</span> <span class='ocrx_word' id='word_1_75' title='bbox 589 1300 641 1359; x_wconf 73' lang='lat' dir='ltr'>tui·</span> 
     </span>
     <span class='ocr_line' id='line_1_15' title="bbox 42 1383 644 1471; baseline 0 -24"><span class='ocrx_word' id='word_1_76' title='bbox 42 1383 136 1447; x_wconf 82' lang='lat' dir='ltr'>bunua</span> <span class='ocrx_word' id='word_1_77' title='bbox 157 1389 256 1468; x_wconf 82' lang='lat' dir='ltr'>plebia,</span> <span class='ocrx_word' id='word_1_78' title='bbox 275 1412 361 1471; x_wconf 91' lang='lat' dir='ltr'>quum</span> <span class='ocrx_word' id='word_1_79' title='bbox 382 1390 504 1450; x_wconf 83' lang='lat' dir='ltr'>Caesaris</span> <span class='ocrx_word' id='word_1_80' title='bbox 523 1385 644 1450; x_wconf 74' lang='lat' dir='ltr'>caussam</span> 
     </span>
     <span class='ocr_line' id='line_1_16' title="bbox 42 1472 743 1557; baseline -0.004 -21"><span class='ocrx_word' id='word_1_81' title='bbox 42 1472 259 1556; x_wconf 84' lang='lat' dir='ltr'>dignitatemque</span> <span class='ocrx_word' id='word_1_82' title='bbox 267 1478 467 1537; x_wconf 85' lang='lat' dir='ltr'>defendendam</span> <span class='ocrx_word' id='word_1_83' title='bbox 482 1473 642 1557; x_wconf 84' lang='lat' dir='ltr'>suscepiffet,</span> <span class='ocrx_word' id='word_1_84' title='bbox 679 1505 681 1515; x_wconf 89' lang='grc'><strong><em>·</em></strong></span> <span class='ocrx_word' id='word_1_85' title='bbox 742 1507 743 1519; x_wconf 51' lang='lat'>1</span> 
     </span>
     <span class='ocr_line' id='line_1_17' title="bbox 44 1559 743 1645; baseline -0.001 -24"><span class='ocrx_word' id='word_1_86' title='bbox 44 1559 121 1642; x_wconf 82' lang='lat' dir='ltr'>saepe</span> <span class='ocrx_word' id='word_1_87' title='bbox 136 1578 195 1622; x_wconf 86' lang='lat' dir='ltr'>erat</span> <span class='ocrx_word' id='word_1_88' title='bbox 210 1563 313 1623; x_wconf 87' lang='lat' dir='ltr'>senatui</span> <span class='ocrx_word' id='word_1_89' title='bbox 329 1565 488 1643; x_wconf 64' lang='lat' dir='ltr'>pollicitata</span> <span class='ocrx_word' id='word_1_90' title='bbox 504 1562 541 1622; x_wconf 84' lang='lat' dir='ltr'>‘ii</span> <span class='ocrx_word' id='word_1_91' title='bbox 558 1582 641 1642; x_wconf 90' lang='lat' dir='ltr'>quem</span> <span class='ocrx_word' id='word_1_92' title='bbox 742 1642 743 1645; x_wconf 7' lang='grc' dir='ltr'><strong>Ἴ</strong></span> 
     </span>
     <span class='ocr_line' id='line_1_18' title="bbox 45 1648 743 1722; baseline -0.003 -13"><span class='ocrx_word' id='word_1_93' title='bbox 45 1648 154 1709; x_wconf 83' lang='lat' dir='ltr'>‘timor</span> <span class='ocrx_word' id='word_1_94' title='bbox 168 1671 307 1710; x_wconf 83' lang='lat' dir='ltr'>armorum</span> <span class='ocrx_word' id='word_1_95' title='bbox 320 1651 442 1711; x_wconf 79' lang='lat' dir='ltr'>Caesaris</span> <span class='ocrx_word' id='word_1_96' title='bbox 461 1650 590 1722; x_wconf 86' lang='lat' dir='ltr'>laederet,</span> <span class='ocrx_word' id='word_1_97' title='bbox 611 1662 642 1707; x_wconf 83' lang='lat' dir='ltr'>et</span> <span class='ocrx_word' id='word_1_98' title='bbox 680 1708 682 1715; x_wconf 77' lang='grc'><em>,</em></span> <span class='ocrx_word' id='word_1_99' title='bbox 742 1658 743 1691; x_wconf 61' lang='lat' dir='ltr'>i</span> 
     </span>
     <span class='ocr_line' id='line_1_19' title="bbox 44 1734 743 1817; baseline 0 -22"><span class='ocrx_word' id='word_1_100' title='bbox 44 1734 202 1816; x_wconf 87' lang='lat' dir='ltr'>‘quoniam</span> <span class='ocrx_word' id='word_1_101' title='bbox 226 1741 350 1817; x_wconf 83' lang='lat' dir='ltr'>Pompeii</span> <span class='ocrx_word' id='word_1_102' title='bbox 380 1739 535 1798; x_wconf 82' lang='lat' dir='ltr'>dominatio</span> <span class='ocrx_word' id='word_1_103' title='bbox 558 1752 643 1815; x_wconf 85' lang='lat' dir='ltr'>atque</span> <span class='ocrx_word' id='word_1_104' title='bbox 680 1771 684 1780; x_wconf 90' lang='lat'><em>·</em></span> <span class='ocrx_word' id='word_1_105' title='bbox 742 1744 743 1749; x_wconf 77' lang='grc'>’</span> 
     </span>
     <span class='ocr_line' id='line_1_20' title="bbox 43 1822 642 1884; baseline -0.003 -1"><span class='ocrx_word' id='word_1_106' title='bbox 43 1822 56 1855; x_wconf 80' lang='lat'><em>⁴</em></span> <span class='ocrx_word' id='word_1_107' title='bbox 68 1844 210 1883; x_wconf 86' lang='lat' dir='ltr'>armanon</span> <span class='ocrx_word' id='word_1_108' title='bbox 223 1827 368 1884; x_wconf 88' lang='lat' dir='ltr'>minimum</span> <span class='ocrx_word' id='word_1_109' title='bbox 377 1840 510 1884; x_wconf 85' lang='lat' dir='ltr'>terrorem</span> <span class='ocrx_word' id='word_1_110' title='bbox 521 1824 583 1882; x_wconf 85' lang='lat' dir='ltr'>foro</span> <span class='ocrx_word' id='word_1_111' title='bbox 596 1824 642 1881; x_wconf 89' lang='lat' dir='ltr'>iu·</span> 
     </span>
    </p>

    <p class='ocr_par' dir='ltr' id='par_1_6' title="bbox 45 1906 743 2077">
     <span class='ocr_line' id='line_1_21' title="bbox 45 1906 743 1991; baseline -0.004 -22"><span class='ocrx_word' id='word_1_112' title='bbox 45 1906 56 1942; x_wconf 87' lang='lat'>‘</span> <span class='ocrx_word' id='word_1_113' title='bbox 69 1909 187 1983; x_wconf 86' lang='lat' dir='ltr'>serrent;</span> <span class='ocrx_word' id='word_1_114' title='bbox 211 1908 359 1972; x_wconf 83' lang='lat' dir='ltr'>discederet</span> <span class='ocrx_word' id='word_1_115' title='bbox 372 1928 488 1991; x_wconf 80' lang='lat' dir='ltr'>uterque</span> <span class='ocrx_word' id='word_1_116' title='bbox 501 1914 535 1970; x_wconf 87' lang='lat' dir='ltr'>ab</span> <span class='ocrx_word' id='word_1_117' title='bbox 547 1910 642 1982; x_wconf 88' lang='lat' dir='ltr'>annia,</span> <span class='ocrx_word' id='word_1_118' title='bbox 742 1940 743 1961; x_wconf 69' lang='lat'>2</span> 
     </span>
     <span class='ocr_line' id='line_1_22' title="bbox 47 1996 643 2077; baseline -0.002 -20"><span class='ocrx_word' id='word_1_119' title='bbox 47 1996 57 2035; x_wconf 77' lang='lat'><em>‘</em></span> <span class='ocrx_word' id='word_1_120' title='bbox 70 1996 259 2077; x_wconf 83' lang='lat' dir='ltr'>exercitusque</span> <span class='ocrx_word' id='word_1_121' title='bbox 267 1998 437 2058; x_wconf 83' lang='lat' dir='ltr'>dimitteret:</span> <span class='ocrx_word' id='word_1_122' title='bbox 454 1999 514 2058; x_wconf 84' lang='lat' dir='ltr'>fore</span> <span class='ocrx_word' id='word_1_123' title='bbox 530 2018 563 2056; x_wconf 92' lang='lat' dir='ltr'>eo</span> <span class='ocrx_word' id='word_1_124' title='bbox 578 2016 643 2076; x_wconf 86' lang='lat' dir='ltr'>pac·</span> 
     </span>
    </p>

    <p class='ocr_par' dir='ltr' id='par_1_7' title="bbox 46 2082 646 2252">
     <span class='ocr_line' id='line_1_23' title="bbox 46 2082 645 2162; baseline -0.003 -19"><span class='ocrx_word' id='word_1_125' title='bbox 46 2082 102 2144; x_wconf 87' lang='lat' dir='ltr'>‘to</span> <span class='ocrx_word' id='word_1_126' title='bbox 120 2085 244 2159; x_wconf 78' lang='lat' dir='ltr'>liberam,</span> <span class='ocrx_word' id='word_1_127' title='bbox 264 2102 291 2144; x_wconf 88' lang='lat' dir='ltr'>et</span> <span class='ocrx_word' id='word_1_128' title='bbox 311 2084 350 2144; x_wconf 90' lang='lat' dir='ltr'>sui</span> <span class='ocrx_word' id='word_1_129' title='bbox 370 2087 454 2162; x_wconf 82' lang='lat' dir='ltr'>juris,</span> <span class='ocrx_word' id='word_1_130' title='bbox 481 2086 645 2145; x_wconf 61' lang='lat' dir='ltr'>civitatem?</span> 
     </span>
     <span class='ocr_line' id='line_1_24' title="bbox 47 2168 646 2252; baseline -0.005 -21"><span class='ocrx_word' id='word_1_131' title='bbox 47 2193 138 2252; x_wconf 88' lang='lat' dir='ltr'>neque</span> <span class='ocrx_word' id='word_1_132' title='bbox 149 2176 203 2231; x_wconf 90' lang='lat' dir='ltr'>boc</span> <span class='ocrx_word' id='word_1_133' title='bbox 216 2188 324 2232; x_wconf 88' lang='lat' dir='ltr'>tantum</span> <span class='ocrx_word' id='word_1_134' title='bbox 334 2173 475 2252; x_wconf 82' lang='lat' dir='ltr'>pollicitus</span> <span class='ocrx_word' id='word_1_135' title='bbox 485 2171 541 2241; x_wconf 86' lang='lat' dir='ltr'>est;</span> <span class='ocrx_word' id='word_1_136' title='bbox 561 2168 604 2229; x_wconf 87' lang='lat' dir='ltr'>sed</span> <span class='ocrx_word' id='word_1_137' title='bbox 618 2191 646 2229; x_wconf 88' lang='lat' dir='ltr'>e·</span> 
     </span>
    </p>

    <p class='ocr_par' dir='ltr' id='par_1_8' title="bbox 47 2255 648 2422">
     <span class='ocr_line' id='line_1_25' title="bbox 47 2255 645 2337; baseline 0 -21"><span class='ocrx_word' id='word_1_138' title='bbox 47 2255 114 2317; x_wconf 81' lang='lat' dir='ltr'>tiam</span> <span class='ocrx_word' id='word_1_139' title='bbox 130 2280 177 2337; x_wconf 82' lang='lat' dir='ltr'>pee</span> <span class='ocrx_word' id='word_1_140' title='bbox 190 2257 215 2316; x_wconf 87' lang='lat' dir='ltr'>se</span> <span class='ocrx_word' id='word_1_141' title='bbox 236 2257 344 2317; x_wconf 81' lang='lat' dir='ltr'>senatus</span> <span class='ocrx_word' id='word_1_142' title='bbox 358 2258 542 2319; x_wconf 79' lang='lat' dir='ltr'>discessionem</span> <span class='ocrx_word' id='word_1_143' title='bbox 555 2256 645 2317; x_wconf 79' lang='lat' dir='ltr'>facere</span> 
     </span>
     <span class='ocr_line' id='line_1_26' title="bbox 47 2344 648 2422; baseline -0.005 -16"><span class='ocrx_word' id='word_1_144' title='bbox 47 2348 150 2421; x_wconf 69' lang='lat' dir='ltr'>coepit.</span> <span class='ocrx_word' id='word_1_145' title='bbox 174 2345 251 2422; x_wconf 92' lang='lat' dir='ltr'>quod</span> <span class='ocrx_word' id='word_1_146' title='bbox 263 2366 298 2403; x_wconf 88' lang='lat' dir='ltr'>ne</span> <span class='ocrx_word' id='word_1_147' title='bbox 313 2344 400 2420; x_wconf 80' lang='lat' dir='ltr'>fieret,</span> <span class='ocrx_word' id='word_1_148' title='bbox 413 2344 541 2404; x_wconf 78' lang='lat' dir='ltr'>consules</span> <span class='ocrx_word' id='word_1_149' title='bbox 555 2346 648 2417; x_wconf 87' lang='lat' dir='ltr'>amici-</span> 
     </span>
    </p>

    <p class='ocr_par' dir='ltr' id='par_1_9' title="bbox 48 2429 689 2597">
     <span class='ocr_line' id='line_1_27' title="bbox 49 2429 647 2511; baseline 0.01 -26"><span class='ocrx_word' id='word_1_150' title='bbox 49 2448 103 2507; x_wconf 93' lang='lat' dir='ltr'>que</span> <span class='ocrx_word' id='word_1_151' title='bbox 120 2432 242 2506; x_wconf 86' lang='lat' dir='ltr'>Pompeii</span> <span class='ocrx_word' id='word_1_152' title='bbox 254 2429 478 2504; x_wconf 83' lang='lat' dir='ltr'>intercess&#39;erunt3</span> <span class='ocrx_word' id='word_1_153' title='bbox 499 2433 647 2511; x_wconf 77' lang='lat' dir='ltr'>atque,ita</span> 
     </span>
     <span class='ocr_line' id='line_1_28' title="bbox 48 2514 689 2597; baseline 0.017 -28"><span class='ocrx_word' id='word_1_154' title='bbox 48 2514 296 2592; x_wconf 80' lang='lat' dir='ltr'>temmoderando,</span> <span class='ocrx_word' id='word_1_155' title='bbox 303 2515 489 2579; x_wconf 67' lang='lat' dir='ltr'>discederunt.</span> <span class='ocrx_word' id='word_1_156' title='bbox 512 2526 646 2597; x_wconf 81' lang='lat' dir='ltr'>Magnum</span> <span class='ocrx_word' id='word_1_157' title='bbox 660 2525 689 2573; x_wconf 68' lang='lat'>⁴⁴</span> 
     </span>
    </p>
   </div>
   <div class='ocr_carea' id='block_1_2' title="bbox 0 0 774 2967">
    <p class='ocr_par' dir='ltr' id='par_1_10' title="bbox 0 0 774 2967">
     <span class='ocr_line' id='line_1_29' title="bbox 0 0 774 2967; baseline 0 0"><span class='ocrx_word' id='word_1_158' title='bbox 0 0 774 2967; x_wconf 95' lang='lat' dir='ltr'> </span> 
     </span>
    </p>
   </div>
  </div>
 </body>
</html>
