1509 2967
44 146 51 160 ''
203 136 463 258 oiuurco
489 171 620 223 mvn.
651 136 719 253 aa,

73 252 258 343 ducuntur.
285 247 594 339 vacuacastrahosiiutn
603 247 703 337 Caesar

43 366 48 373 '
113 366 301 446 conspicatua3
319 365 397 423 tedia
413 360 564 439 insignibus
579 361 703 437 suorum,

113 451 302 530 occultatisque
318 448 402 527 signia
420 450 596 524 militaribus,
622 470 704 510 raros

112 540 219 619 milites,
242 552 278 598 ne
289 558 325 597 ex
336 534 441 616 oppido
453 536 705 595 animadverteren-

36 638 37 655 ²
113 644 166 699 tur,
189 646 225 685 ex
253 624 407 701 majoribus
431 620 524 682 cestria
546 624 578 681 in
593 625 705 689 minora

35 770 37 779 ,
113 708 274 773 transducit:
292 707 451 787 legatisque,
460 728 532 787 quos
545 707 656 787 singulis
667 711 706 769 le·

35 792 37 821 Ρ
112 800 238 878 gionibus
250 797 424 877 praefecerat,
433 794 499 874 quid
506 795 563 853 fieri
575 795 707 870 vesit,os·

35 926 37 951 2
112 885 212 945 tendit:
226 887 254 943 in
267 885 363 962 primis
374 896 483 955 monet,
499 896 530 940 ut
539 886 708 945 contineant

110 972 260 1045 milites,ne
268 967 355 1029 ssudio
368 967 511 1047 pugnandi
518 985 565 1027 aut
573 967 618 1048 spe
626 990 707 1049 prae·

110 1057 279 1139 daellongius
291 1055 514 1135 progrediantur:
527 1055 594 1134 quid
602 1057 708 1134 iniqui·

110 1158 153 1203 tra
167 1145 222 1204 loci
237 1144 334 1203 habeat
350 1141 533 1215 incommodi,
552 1144 707 1223 proponite

110 1234 175 1303 hoo,
190 1229 392 1290 unaceleritate
403 1225 588 1309 possevitari:
606 1226 708 1289 occasi·

111 1318 175 1377 onia
193 1314 245 1376 esse
267 1334 336 1389 rem,
359 1335 419 1374 non
432 1315 543 1393 proelii.
566 1317 610 1373 hia
626 1317 708 1377 rebus

108 1401 252 1480 expofitis,
264 1400 368 1479 signum
376 1399 436 1474 dat,
444 1416 472 1458 et
483 1402 517 1459 ab
524 1400 622 1461 dextra
630 1416 708 1482 parte

109 1488 164 1549 alio
184 1486 312 1549 adscensu
328 1486 425 1547 eodern
450 1503 575 1567 ternpore
594 1487 709 1555 Aeduos

72 1578 209 1649 aamittit.
258 1573 360 1655 Oppidi
372 1592 467 1633 mutua
483 1576 517 1633 ab
538 1574 651 1653 planitie
669 1590 711 1635 at·

65 1682 166 1749 que
179 1662 263 1723 initio
278 1658 435 1733 adscensus,
456 1664 527 1719 reda
545 1664 669 1740 regione,
689 1661 710 1721 st

65 1739 206 1808 nullus
218 1746 356 1807 ansradtua
366 1746 557 1821 intercederet,
568 1769 590 1807 rr
598 1768 638 1809 cc
649 1747 710 1828 pas·

108 1833 155 1894 sua
169 1835 273 1893 aberat.
302 1832 437 1913 quidquid
455 1836 553 1893 huic
529 1838 660 1896 crrcuitua
674 1835 711 1897 ad

107 1919 294 1983 molliendum
306 1919 408 1979 clivum
420 1918 573 1995 accesserat,
585 1921 613 1981 id
628 1920 712 2002 spati·

36 2004 37 2019 i
62 2074 64 2079 ¹
108 2027 159 2065 um
171 2006 281 2073 itineris
294 2007 421 2083 augebat.
440 2026 455 2063 a
470 2005 562 2066 medio
572 2006 629 2067 sere
639 2006 712 2069 colle

107 2095 139 2153 in
149 2090 373 2169 longitudine,ut
381 2094 588 2152 natura'montis
597 2094 712 2172 serebat,

105 2198 145 2238 ex
157 2176 309 2257 grandibus
323 2176 395 2236 saxis
409 2197 448 2239 v1
471 2176 570 2257 pedum
587 2201 710 2259 murum,

36 2296 40 2303 ·
106 2267 159 2345 qui
168 2262 325 2325 nostrorum
338 2264 470 2344 impeturn
483 2265 613 2344 tardaret,
631 2288 712 2349 prae·

103 2352 252 2411 duxerant
262 2350 354 2423 Galli;
378 2367 471 2430 atque,
486 2350 617 2415 inferiore
632 2357 713 2415 omni

104 2434 200 2516 spatio
208 2457 297 2497 vacuo
313 2436 419 2513 relicto,
431 2434 712 2522 superior-enrpartetu

65 2532 68 2537 '
101 2522 203 2603 collis,
213 2520 343 2607 usquead
354 2543 465 2675 murga
479 2526 713 2613 oppidi,denfissiq
