1509 2967
218 124 469 179 ontttco
511 126 623 206 ΜΠ.
672 140 719 188 ¹77

46 214 52 236 ¹
94 246 216 293 contra
229 254 262 293 ea
282 233 425 307 litorius,
459 228 540 293 ‘sero
568 221 715 307 fanumst

97 317 283 394 eltnaitabat,
299 321 310 353 ‘
317 339 404 401 quum
414 319 538 395 majores
550 337 650 379 manna
661 323 715 379 ho·

98 402 111 435 ‘
128 403 232 482 stium,
253 406 391 485 adjunctis
399 407 557 480 Germania,
569 404 714 467 convenis-

96 489 109 521 ‘
124 489 214 565 sent;
235 500 285 553 a'ut
296 512 382 572 quum
389 491 493 571 aliquid
504 492 668 553 calamitatis
681 495 712 555 ia

97 576 109 609 ‘
124 582 270 657 p'roximia
281 580 404 639 hibernis
414 576 479 640 ellet
485 594 637 660 acceptum.
649 582 711 641 bre-

97 660 110 693 ‘
123 684 195 725 vem
204 664 365 727 consulendi
377 663 429 724 elle
440 663 623 727 occasionem.
639 674 710 727 Cae·

99 747 111 781 ⁴
130 748 223 812 sarem
234 754 361 813 arbitrari
372 752 528 831 profestum
541 755 572 812 in
589 753 706 815 Italiam.

98 834 226 915 ‘neque
258 838 338 899 aliter
361 846 498 897 Carnutes
523 838 708 901 interficiendi

100 918 257 1003 ‘Tasgetii
285 924 429 985 confilium
454 923 532 983 soille
557 940 704 1005 capturum

100 1005 220 1091 ‘neque
230 1014 389 1087 Eburones,
403 1010 424 1071 fi
438 1011 486 1070 ille
496 1008 606 1085 adell'et,
627 1027 706 1074 tanta

102 1094 190 1159 ‘eum
217 1101 427 1180 contemptione
450 1096 535 1159 nostrl
565 1097 601 1159 ad
620 1097 703 1161 castra

104 1181 260 1245 ‘venturos
272 1184 335 1247 else.
358 1207 419 1246 non
438 1183 541 1244 hostem
549 1189 701 1264 austeram,

101 1266 172 1329 ‘sed
188 1293 255 1347 rem,
280 1270 409 1350 spectare.
433 1270 534 1331 sabella
552 1274 699 1345 Rhenum

102 1352 113 1385 ‘
125 1376 230 1434 magno
246 1356 298 1419 else
306 1360 453 1420 Germanis
465 1357 557 1419 dolori
567 1357 700 1419 Ariovisti

107 1438 258 1519 ‘mortem
279 1459 307 1505 et
322 1442 474 1524 superiotea
489 1441 596 1503 nostrat
609 1446 699 1505 vitto·

105 1525 192 1593 ‘riam
208 1532 303 1592 ardere
316 1530 446 1606 Galliam,
465 1544 509 1589 tot
522 1530 698 1592 contumeliis

103 1612 241 1699 ‘atneptis
259 1615 307 1679 sub
321 1617 420 1698 populi
435 1624 471 1678 R.
491 1617 636 1697 imperium
652 1637 697 1677 re·

103 1698 245 1779 ‘alasiam
262 1704 402 1786 superiore
414 1704 505 1782 gloria
519 1704 560 1763 rei
570 1701 697 1764 militarit

103 1787 266 1853 ‘eminane
295 1791 444 1872 postremo,
465 1790 548 1871 ‘quia
570 1793 624 1851 hoc
646 1789 696 1853 fibi

103 1872 310 1957 ‘persuaderem
329 1877 386 1938 fine
403 1893 479 1938 certa
494 1896 535 1950 re,
552 1878 693 1939 Ambiori·

103 1960 115 1994 ‘
125 1964 221 2039 gemtd
229 1962 693 2042 ejusmodiconliliomdescendille?

104 2047 114 2081 ⁴
126 2046 195 2111 luam
206 2049 368 2111 sententiam
383 2053 414 2110 in
430 2064 694 2130 utramquepartem

105 2134 173 2197 ‘elle
183 2152 284 2197 tutam:
301 2134 371 2197 finil
381 2136 414 2197 stt
425 2136 619 2212 dutiot,nullo
628 2156 693 2198 cam

105 2223 244 2305 ‘periculo
259 2224 294 2285 ad
309 2227 468 2304 proximam
479 2224 616 2303 legionem
628 2242 693 2303 per·

106 2309 277 2373 ‘ventutoaa
290 2309 310 2371 li
323 2311 416 2371 Gallia
429 2313 524 2371 omnis
538 2331 602 2374 cum
619 2318 691 2370 Ger·

106 2395 205 2459 ‘mania
215 2395 384 2473 consentiat,
398 2395 580 2457 onmnelsein
592 2396 689 2459 c'eleti·

106 2480 295 2567 fmtepofitam
306 2483 430 2553 salutem.
458 2484 694 2568 Cottaeqoldem,
